02RETORNO01COBRANCA       44561300046613000466AURINEIDE FREIRE DOS SANTOS   033SANTANDER      29061700000000005455189                                                                                                                                                                                                                                                                                  190000001
1021134886500016044561300046613000466                         00453153                                     406290617          0045315300          29061700000000088230330000001000000000028800000000000000000000000000000000000000000000000000000000000000000000000000882300000000000000000000000000 N 300617                                     00000000000000000000000000000000000008823C           190000002
1021134886500016044561300046613000466                         00524638                                     406290617          0052463800          29061700000000089190330000001000000000028800000000000000000000000000000000000000000000000000000000000000000000000000891900000000000000000000000000 N 300617                                     00000000000000000000000000000000000008919C           190000003
1021134886500016044561300046613000466                         00643424                                     406290617          0064342400          29061700000001323870330000001000000000028800000000000000000000000000000000000000000000000000000000000000000000000013238700000000000000000000000000 N 300617                                     00000000000000000000000000000000000132387C           190000004
1021134886500016044561300046613000466                         00666157                                     406290617          0066615700          29061700000000145930330000001000000000028800000000000000000000000000000000000000000000000000000000000000000000000001459300000000000000000000000000 N 300617                                     00000000000000000000000000000000000014593C           190000005
1021134886500016044561300046613000466                         00704318                                     406290617          0070431800          29061700000000148410330000001000000000028800000000000000000000000000000000000000000000000000000000000000000000000001484100000000000000000000000000 N 300617                                     00000000000000000000000000000000000014841C           190000006
1021134886500016044561300046613000466                         00712906                                     406290617          0071290600          29061700000000145560330000001000000000028800000000000000000000000000000000000000000000000000000000000000000000000001455600000000000000000000000000 N 300617                                     00000000000000000000000000000000000014556C           190000007
1021134886500016044561300046613000466                         00763004                                     406290617          0076300400          29061700000000102490330000001000000000028800000000000000000000000000000000000000000000000000000000000000000000000001024900000000000000000000000000 N 300617                                     00000000000000000000000000000000000010249C           190000008
1021134886500016044561300046613000466                         00792268                                     406290617          0079226800          29061700000000068620330000001000000000028800000000000000000000000000000000000000000000000000000000000000000000000000686200000000000000000000000000 N 300617                                     00000000000000000000000000000000000006862C           190000009
1021134886500016044561300046613000466                         00820024                                     406290617          0082002400          29061700000000097870330000001000000000028800000000000000000000000000000000000000000000000000000000000000000000000000978700000000000000000000000000 N 300617                                     00000000000000000000000000000000000009787C           190000010
1021134886500016044561300046613000466                         00827088                                     406290617          0082708800          29061700000000107160330000001000000000028800000000000000000000000000000000000000000000000000000000000000000000000001071600000000000000000000000000 N 300617                                     00000000000000000000000000000000000010716C           190000011
1021134886500016044561300046613000466                         00868990                                     406290617          0086899000          29061700000000139330330000001000000000028800000000000000000000000000000000000000000000000000000000000000000000000001393300000000000000000000000000 N 300617                                     00000000000000000000000000000000000013933C           190000012
1021134886500016044561300046613000466                         00935883                                     406290617          0093588300          29061700000000109000330000001000000000028800000000000000000000000000000000000000000000000000000000000000000000000001090000000000000000000000000000 N 300617                                     00000000000000000000000000000000000010900C           190000013
1021134886500016044561300046613000466                         00972614                                     406290617          0097261400          29061700000000171030330000001000000000028800000000000000000000000000000000000000000000000000000000000000000000000001710300000000000000000000000000 N 300617                                     00000000000000000000000000000000000017103C           190000014
1021134886500016044561300046613000466                         00980900                                     406290617          0098090000          29061700000000119610330000001000000000028800000000000000000000000000000000000000000000000000000000000000000000000001196100000000000000000000000000 N 300617                                     00000000000000000000000000000000000011961C           190000015
1021134886500016044561300046613000466                         01023918                                     406290617          0102391800          29061700000000140240330000001000000000028800000000000000000000000000000000000000000000000000000000000000000000000001402400000000000000000000000000 N 300617                                     00000000000000000000000000000000000014024C           190000016
1021134886500016044561300046613000466                         01045881                                     406290617          0104588100          29061700000000168050330000001000000000028800000000000000000000000000000000000000000000000000000000000000000000000001680500000000000000000000000000 N 300617                                     00000000000000000000000000000000000016805C           190000017
1021134886500016044561300046613000466                         01055020                                     406290617          0105502000          29061700000000099580330000001000000000028800000000000000000000000000000000000000000000000000000000000000000000000000995800000000000000000000000000 N 300617                                     00000000000000000000000000000000000009958C           190000018
1021134886500016044561300046613000466                         01057553                                     406290617          0105755300          29061700000000097500330000001000000000028800000000000000000000000000000000000000000000000000000000000000000000000000975000000000000000000000000000 N 300617                                     00000000000000000000000000000000000009750C           190000019
1021134886500016044561300046613000466                         01085204                                     406290617          0108520400          29061700000000138600330000001000000000028800000000000000000000000000000000000000000000000000000000000000000000000001386000000000000000000000000000 N 300617                                     00000000000000000000000000000000000013860C           190000020
1021134886500016044561300046613000466                         01104535                                     406290617          0110453500          29061700000000145540330000001000000000028800000000000000000000000000000000000000000000000000000000000000000000000001455400000000000000000000000000 N 300617                                     00000000000000000000000000000000000014554C           190000021
1021134886500016044561300046613000466                         01112716                                     406290617          0111271600          29061700000000186670330000001000000000028800000000000000000000000000000000000000000000000000000000000000000000000001866700000000000000000000000000 N 300617                                     00000000000000000000000000000000000018667C           190000022
1021134886500016044561300046613000466                         01118765                                     406290617          0111876500          29061700000000149620330000001000000000028800000000000000000000000000000000000000000000000000000000000000000000000001496200000000000000000000000000 N 300617                                     00000000000000000000000000000000000014962C           190000023
1021134886500016044561300046613000466                         01125303                                     406290617          0112530300          29061700000000162070330000001000000000028800000000000000000000000000000000000000000000000000000000000000000000000001620700000000000000000000000000 N 300617                                     00000000000000000000000000000000000016207C           190000024
1021134886500016044561300046613000466                         01194178                                     406290617          0119417800          29061700000000174320330000001000000000028800000000000000000000000000000000000000000000000000000000000000000000000001743200000000000000000000000000 N 300617                                     00000000000000000000000000000000000017432C           190000025
1021134886500016044561300046613000466                         01198742                                     406290617          0119874200          29061700000000088460330000001000000000028800000000000000000000000000000000000000000000000000000000000000000000000000884600000000000000000000000000 N 300617                                     00000000000000000000000000000000000008846C           190000026
1021134886500016044561300046613000466                         01199005                                     406290617          0119900500          29061700000000088460330000001000000000028800000000000000000000000000000000000000000000000000000000000000000000000000884600000000000000000000000000 N 300617                                     00000000000000000000000000000000000008846C           190000027
1021134886500016044561300046613000466                         01204335                                     406290617          0120433500          29061700000000440000330000001000000000028800000000000000000000000000000000000000000000000000000000000000000000000004400000000000000000000000000000 N 300617                                     00000000000000000000000000000000000044000C           190000028
1021134886500016044561300046613000466                         01253336                                     406290617          0125333600          29061700000000108280330000001000000000028800000000000000000000000000000000000000000000000000000000000000000000000001082800000000000000000000000000 N 300617                                     00000000000000000000000000000000000010828C           190000029
1021134886500016044561300046613000466                         01348167                                     406290617          0134816700          29061700000000090480330000001000000000028800000000000000000000000000000000000000000000000000000000000000000000000000904800000000000000000000000000 N 300617                                     00000000000000000000000000000000000009048C           190000030
1021134886500016044561300046613000466                         01363271                                     406290617          0136327100          29061700000000132970330000001000000000028800000000000000000000000000000000000000000000000000000000000000000000000001329700000000000000000000000000 N 300617                                     00000000000000000000000000000000000013297C           190000031
1021134886500016044561300046613000466                         01391445                                     406290617          0139144500          29061700000000093830330000001000000000028800000000000000000000000000000000000000000000000000000000000000000000000000938300000000000000000000000000 N 300617                                     00000000000000000000000000000000000009383C           190000032
1021134886500016044561300046613000466                         01426370                                     406290617          0142637000          29061700000000137680334456301000000000028800000000000000000000000000000000000000000000000000000000000000000000000001418300000000000000000000000415 N 300617                                     00000000000000000000000000000000000014183C           190000033
1021134886500016044561300046613000466                         01484214                                     406290617          0148421400          29061700000000106570334456301000000000028800000000000000000000000000000000000000000000000000000000000000000000000001088200000000000000000000000225 N 300617                                     00000000000000000000000000000000000010882C           190000034
1021134886500016044561300046613000466                         01484869                                     406290617          0148486900          29061700000000109690330000001000000000028800000000000000000000000000000000000000000000000000000000000000000000000001096900000000000000000000000000 N 300617                                     00000000000000000000000000000000000010969C           190000035
1021134886500016044561300046613000466                         01489950                                     406290617          0148995000          29061700000000093000330000001000000000028800000000000000000000000000000000000000000000000000000000000000000000000000930000000000000000000000000000 N 300617                                     00000000000000000000000000000000000009300C           190000036
1021134886500016044561300046613000466                         01508067                                     406290617          0150806700          29061700000000083180330000001000000000028800000000000000000000000000000000000000000000000000000000000000000000000000831800000000000000000000000000 N 300617                                     00000000000000000000000000000000000008318C           190000037
1021134886500016044561300046613000466                         01534750                                     406290617          0153475000          29061700000000099200330000001000000000028800000000000000000000000000000000000000000000000000000000000000000000000000992000000000000000000000000000 N 300617                                     00000000000000000000000000000000000009920C           190000038
1021134886500016044561300046613000466                         01537199                                     406290617          0153719900          29061700000000126670330000001000000000028800000000000000000000000000000000000000000000000000000000000000000000000001266700000000000000000000000000 N 300617                                     00000000000000000000000000000000000012667C           190000039
1021134886500016044561300046613000466                         01538012                                     406290617          0153801200          29061700000000010000334456301000000000028800000000000000000000000000000000000000000000000000000000000000000000000000100000000000000000000000000000 N 300617                                     00000000000000000000000000000000000001000C           190000040
1021134886500016044561300046613000466                         01539507                                     406290617          0153950700          29061700000000256400330000001000000000028800000000000000000000000000000000000000000000000000000000000000000000000002564000000000000000000000000000 N 300617                                     00000000000000000000000000000000000025640C           190000041
1021134886500016044561300046613000466                         01557661                                     406290617          0155766100          29061700000000130590330000001000000000028800000000000000000000000000000000000000000000000000000000000000000000000001305900000000000000000000000000 N 300617                                     00000000000000000000000000000000000013059C           190000042
1021134886500016044561300046613000466                         01565303                                     406290617          0156530300          29061700000000194080334456301000000000028800000000000000000000000000000000000000000000000000000000000000000000000001980800000000000000000000000400 N 300617                                     00000000000000000000000000000000000019808C           190000043
1021134886500016044561300046613000466                         01570374                                     406290617          0157037400          29061700000000053930330000001000000000028800000000000000000000000000000000000000000000000000000000000000000000000000539300000000000000000000000000 N 300617                                     00000000000000000000000000000000000005393C           190000044
1021134886500016044561300046613000466                         01572946                                     406290617          0157294600          29061700000000210000330000001000000000028800000000000000000000000000000000000000000000000000000000000000000000000002100000000000000000000000000000 N 300617                                     00000000000000000000000000000000000021000C           190000045
1021134886500016044561300046613000466                         01581996                                     406290617          0158199600          29061700000000350550330000001000000000028800000000000000000000000000000000000000000000000000000000000000000000000003505500000000000000000000000000 N 300617                                     00000000000000000000000000000000000035055C           190000046
1021134886500016044561300046613000466                         01593358                                     406290617          0159335800          29061700000000122650330000001000000000028800000000000000000000000000000000000000000000000000000000000000000000000001226500000000000000000000000000 N 300617                                     00000000000000000000000000000000000012265C           190000047
1021134886500016044561300046613000466                         01610082                                     406290617          0161008200          29061700000000083980330000001000000000028800000000000000000000000000000000000000000000000000000000000000000000000000839800000000000000000000000000 N 300617                                     00000000000000000000000000000000000008398C           190000048
1021134886500016044561300046613000466                         01645870                                     406290617          0164587000          29061700000000078170330000001000000000028800000000000000000000000000000000000000000000000000000000000000000000000000781700000000000000000000000000 N 300617                                     00000000000000000000000000000000000007817C           190000049
1021134886500016044561300046613000466                         01648128                                     406290617          0164812800          29061700000000051510330000001000000000028800000000000000000000000000000000000000000000000000000000000000000000000000515100000000000000000000000000 N 300617                                     00000000000000000000000000000000000005151C           190000050
9201033          000000000000000000000000000000                                                  000000000000000000000000000000          000000000000000000000000000000                                                                                                                                                                                                                                190000051
